
@article{barreda2021,
	title = {Perceptual validation of vowel normalization methods for variationist research},
	author = {Barreda, Santiago},
	year = {2021},
	month = {03},
	date = {2021-03},
	journal = {Language Variation and Change},
	pages = {27--53},
	volume = {33},
	number = {1},
	doi = {10.1017/S0954394521000016},
	url = {https://www.cambridge.org/core/product/identifier/S0954394521000016/type/journal_article},
	langid = {en}
}
